@ARTICLE{Dempster77maximumlikelihood,
    author = {A. P. Dempster and N. M. Laird and D. B. Rubin},
    title = {Maximum likelihood from incomplete data via the EM algorithm},
    journal = {JOURNAL OF THE ROYAL STATISTICAL SOCIETY, SERIES B},
    year = {1977},
    volume = {39},
    number = {1},
    pages = {1--38}
}
@article{Freund:1997:DGO:261540.261549,
 author = {Freund, Yoav and Schapire, Robert E.},
 title = {A Decision-theoretic Generalization of On-line Learning and an Application to Boosting},
 journal = {J. Comput. Syst. Sci.},
 issue_date = {Aug. 1997},
 volume = {55},
 number = {1},
 month = aug,
 year = {1997},
 issn = {0022-0000},
 pages = {119--139},
 numpages = {21},
 url = {http://dx.doi.org/10.1006/jcss.1997.1504},
 doi = {10.1006/jcss.1997.1504},
 acmid = {261549},
 publisher = {Academic Press, Inc.},
 address = {Orlando, FL, USA},
} 
@article{dietterich1997machine,
  title={Machine-learning research},
  author={Dietterich, Thomas G},
  journal={AI magazine},
  volume={18},
  number={4},
  pages={97},
  year={1997}
}
@article{zhu2009introduction,
  title={Introduction to semi-supervised learning},
  author={Zhu, Xiaojin and Goldberg, Andrew B},
  journal={Synthesis lectures on artificial intelligence and machine learning},
  volume={3},
  number={1},
  pages={1--130},
  year={2009},
  publisher={Morgan \& Claypool Publishers}
}
@inproceedings{blum1998combining,
  title={Combining labeled and unlabeled data with co-training},
  author={Blum, Avrim and Mitchell, Tom},
  booktitle={Proceedings of the eleventh annual conference on Computational learning theory},
  pages={92--100},
  year={1998},
  organization={ACM}
}
@techreport{zhu05survey,
author = "Xiaojin Zhu",
title = "Semi-Supervised Learning Literature Survey",
institution = "Computer Sciences, University of Wisconsin-Madison",
number = "1530",
year = 2005
}

@article{dietterichl2002ensemble,
  title={Ensemble learning},
  author={Dietterichl, Thomas G},
  journal={The handbook of brain theory and neural networks},
  pages={405--408},
  year={2002}
}
@article{kumar2009semiboost,
  title={Semiboost: Boosting for semi-supervised learning},
  author={Kumar Mallapragada, P and Jin, Rong and Jain, Anil K and Liu, Yi},
  journal={Pattern Analysis and Machine Intelligence, IEEE Transactions on},
  volume={31},
  number={11},
  pages={2000--2014},
  year={2009},
  publisher={IEEE}
}
@article{li2007improve,
  title={Improve computer-aided diagnosis with machine learning techniques using undiagnosed samples},
  author={Li, Ming and Zhou, Zhi-Hua},
  journal={Systems, Man and Cybernetics, Part A: Systems and Humans, IEEE Transactions on},
  volume={37},
  number={6},
  pages={1088--1098},
  year={2007},
  publisher={IEEE}
}
@article{breiman2001random,
  title={Random forests},
  author={Breiman, Leo},
  journal={Machine learning},
  volume={45},
  number={1},
  pages={5--32},
  year={2001},
  publisher={Springer}
}
@inproceedings{bennett2002exploiting,
  title={Exploiting unlabeled data in ensemble methods},
  author={Bennett, Kristin P and Demiriz, Ayhan and Maclin, Richard},
  booktitle={Proceedings of the eighth ACM SIGKDD international conference on Knowledge discovery and data mining},
  pages={289--296},
  year={2002},
  organization={ACM}
}
@inproceedings{grandvalet2001semi,
  title={Semi-supervised marginboost},
  author={Grandvalet, Yves and Ambroise, Christophe and others},
  booktitle={Advances in neural information processing systems},
  pages={553--560},
  year={2001}
}
@article{nigam2000text,
  title={Text classification from labeled and unlabeled documents using EM},
  author={Nigam, Kamal and McCallum, Andrew Kachites and Thrun, Sebastian and Mitchell, Tom},
  journal={Machine learning},
  volume={39},
  number={2-3},
  pages={103--134},
  year={2000},
  publisher={Springer}
}
